%% The canonical Okapi TREC Citation
@inproceedings{rwj+94-trec,
    author =       {S. E. Robertson and S. Walker and S. Jones and
                    M. Hancock-Beaulieu and M. Gatford},
    title =        {Okapi at {TREC}-3.},
    booktitle =    {Proc. TREC-3},
    year =         {1994},
    annote =       {The canonical Okapi TREC citation.},
}

@inproceedings{petri2014score,
    title={Score-safe term-dependency processing with hybrid indexes},
    author={Petri, Matthias and Moffat, Alistair and Culpepper, J Shane},
    booktitle={Proceedings of the 37th international ACM SIGIR conference on Research \& development in information retrieval},
    pages={899--902},
    year={2014},
    organization={ACM}
}

@inproceedings{petri2013exploring,
  title={Exploring the magic of WAND},
  author={Petri, Matthias and Culpepper, J Shane and Moffat, Alistair},
  booktitle={Proceedings of the 18th Australasian Document Computing Symposium},
  pages={58--65},
  year={2013},
  organization={ACM}
}

@inproceedings{takamura2009text,
	title={Text summarization model based on maximum coverage problem and its variant},
	author={Takamura, Hiroya and Okumura, Manabu},
	booktitle={Proc. of EACL},
	pages={781--789},
	year={2009},
	//organization={Association for Computational Linguistics}
}

%% Head word extraction references
@article{collins2003head,
  title={Head-driven statistical models for natural language parsing},
  author={Collins, Michael},
  journal={Computational linguistics},
  volume={29},
  number={4},
  pages={589--637},
  year={2003},
  publisher={MIT Press}
}

@inproceedings{huang2008question,
  title={Question classification using head words and their hypernyms},
  author={Huang, Zhiheng and Thint, Marcus and Qin, Zengchang},
  booktitle={Proceedings of the Conference on Empirical Methods in Natural Language Processing},
  pages={927--936},
  year={2008},
  organization={Association for Computational Linguistics}
}

@article{silva2011symbolic,
  title={From symbolic to sub-symbolic information in question classification},
  author={Silva, Joao and Coheur, Lu{\'\i}sa and Mendes, Ana Cristina and Wichert, Andreas},
  journal={Artificial Intelligence Review},
  volume={35},
  number={2},
  pages={137--154},
  year={2011},
  publisher={Springer}
}
%% End of Head word extraction references

@inproceedings{wand,
  author    = {A. Z. Broder and D. Carmel and H. Herscovici and A. Soffer
               and J. Zien},
  title     = {Efficient query evaluation using a two-level retrieval process.},
  booktitle = {Proceedings of the 12th ACM international conference on Information \& knowledge anagement},
  year      = {2003},
  pages     = {426--434},
  organization={ACM}
}

@inproceedings{metzler_machine_2008,
	title = {Machine learned sentence selection strategies for query-biased summarization},
	booktitle = {{SIGIR} {Learning} to {Rank} {Workshop}},
	author = {Metzler, Donald and Kanungo, Tapas},
	year = {2008},
	pages = {40--47}
}

@inproceedings{ageev_improving_2013,
	title = {Improving {Search} {Result} {Summaries} by {Using} {Searcher} {Behavior} {Data}},
	booktitle = {Proc. of {SIGIR}},
	author = {Ageev, Mikhail and Lagun, Dmitry and Agichtein, Eugene},
	year = {2013},
	keywords = {mouse cursor movement, result summary generation, searcher behavior},
	pages = {13--22}
}

@incollection{yang_beyond_2016,
	title = {Beyond {Factoid} {QA}: {Effective} {Methods} for {Non}-factoid {Answer} {Sentence} {Retrieval}},
	booktitle = {Proc. of ECIR},
	author = {Yang, Liu and Ai, Qingyao and Spina, Damiano and Chen, Ruey-Cheng and Pang, Liang and Croft, W. Bruce and Guo, Jiafeng and Scholer, Falk},
	year = {2016},
	pages = {115--128}
}

@inproceedings{rmit_liveqa_2015,
  author    = {Ruey{-}Cheng Chen and
               J. Shane Culpepper and
               Tadele Tadela Damessie and
               Timothy Jones and
               Ahmed Mourad and
               Kevin Ong and
               Falk Scholer and
               Evi Yulianti},
  title     = {{RMIT} at the {TREC} 2015 LiveQA Track},
  booktitle = {Proceedings of {TREC} 2015},
  year      = {2015}
}

@inproceedings{pcm13-adcs,
  author =       { M. Petri and J. S. Culpepper and A. Moffat},
  title =        {Exploring the Magic of {WAND}.},
  booktitle =    {ADCS},
  year =         {2013},
  pages =        {58--65},
}

@inproceedings{pmc14-sigir,
  author =       {M. Petri and A. Moffat and J. S. Culpepper},
  title =        {Score-safe term dependency processing with hybrid indexes.},
  booktitle =    {SIGIR},
  year =         {2014},
  pages =        {899--902},
}

@inproceedings{mcc15-adcs,
  author =       {J. Mackenzie and F. M. Choudhury and J. S. Culpepper},
  title =        {Efficient location-aware web search.},
  booktitle =    {ADCS},
  year =         {2015},
  pages =        "4.1-4.8",
}

